@article{VanDenBergh2006ATrajectories,
    title = {{A study of particle swarm optimization particle trajectories}},
    year = {2006},
    journal = {Information Sciences},
    author = {Van Den Bergh, F and Engelbrecht, A P},
    pages = {937--971},
    volume = {176},
    url = {https://pdfs.semanticscholar.org/270d/24da13010c775f3b09b9fc53b2e612fc97aa.pdf},
    doi = {10.1016/j.ins.2005.02.003},
    keywords = {Convergence, Equilibrium, Particle swarm optimization, Particle trajectories}
}